<record><leader>00000cas a22000007a 4500</leader><controlfield tag="001">18117887</controlfield><controlfield tag="008">880621d19631973nyuwr ne      0    0eng d</controlfield><datafield ind1=" " ind2=" " tag="010"><subfield code="a">sn 88074526 </subfield></datafield><datafield ind1=" " ind2=" " tag="040"><subfield code="a">NYS</subfield><subfield code="b">eng</subfield><subfield code="c">NYS</subfield><subfield code="d">OCLCQ</subfield></datafield><datafield ind1=" " ind2=" " tag="042"><subfield code="a">msc</subfield></datafield><datafield ind1="0" ind2="4" tag="245"><subfield code="a">The Enterprise, Shortsville, Manchester &amp; Clifton Springs.</subfield></datafield><datafield ind1="1" ind2="7" tag="246"><subfield code="a">Shortsville-Manchester enterprise</subfield></datafield><datafield ind1=" " ind2=" " tag="260"><subfield code="a">Shortsville, N.Y. :</subfield><subfield code="b">Empire State Weeklies,</subfield><subfield code="c">1963-1973.</subfield></datafield><datafield ind1=" " ind2=" " tag="300"><subfield code="a">v.</subfield></datafield><datafield ind1=" " ind2=" " tag="310"><subfield code="a">Weekly</subfield></datafield><datafield ind1="0" ind2=" " tag="362"><subfield code="a">Vol. 89, no. 17 (May 15, 1963)-v. 92, no. 17 (Apr. 27, 1973).</subfield></datafield><datafield ind1=" " ind2=" " tag="500"><subfield code="a">Issues for Mar. 10, 1967-Apr. 27, 1973 issued with: Phelps country editor.</subfield></datafield><datafield ind1=" " ind2="4" tag="651"><subfield code="a">Shortsville (N.Y.)</subfield><subfield code="v">Newspapers.</subfield></datafield><datafield ind1=" " ind2="4" tag="651"><subfield code="a">Manchester (N.Y.)</subfield><subfield code="v">Newspapers.</subfield></datafield><datafield ind1=" " ind2="4" tag="651"><subfield code="a">Clifton Springs (N.Y.)</subfield><subfield code="v">Newspapers.</subfield></datafield><datafield ind1=" " ind2=" " tag="752"><subfield code="a">United States</subfield><subfield code="b">New York</subfield><subfield code="c">Ontario</subfield><subfield code="d">Shortsville.</subfield></datafield><datafield ind1=" " ind2=" " tag="752"><subfield code="a">United States</subfield><subfield code="b">New York</subfield><subfield code="c">Ontario</subfield><subfield code="d">Manchester.</subfield></datafield><datafield ind1=" " ind2=" " tag="752"><subfield code="a">United States</subfield><subfield code="b">New York</subfield><subfield code="c">Ontario</subfield><subfield code="d">Clifton Springs.</subfield></datafield><datafield ind1="1" ind2=" " tag="777"><subfield code="t">Phelps country editor</subfield><subfield code="w">(DLC)sn 89071030</subfield><subfield code="w">(OCoLC)18994821</subfield></datafield><datafield ind1="0" ind2="0" tag="780"><subfield code="t">Enterprise, Shortsville and Manchester</subfield><subfield code="w">(DLC)sn 88074524</subfield></datafield><datafield ind1="0" ind2="4" tag="785"><subfield code="t">Ontario County times-journal</subfield><subfield code="w">(DLC)sn 84031292</subfield></datafield><datafield ind1="1" ind2=" " tag="029"><subfield code="a">AU@</subfield><subfield code="b">000020517619</subfield></datafield></record>